% This file was created with Citavi 6.3.0.0

@article{BernersLee.2001,
 author = {Berners-Lee, Tim and Handler, James and Lalissa, Ora},
 year = {2001},
 title = {The Semantic Web: A new form of Web content that is meaningful to computers will unleash a revolution of new possibilities},
 journal = {Scientific American}
}


@book{Ozsu.2009,
 author = {{\"O}zsu, M. Tamer and Liu, Ling},
 year = {2009},
 title = {Encyclopedia of database systems},
 address = {New York and London},
 publisher = {Springer},
 isbn = {978-0-387-39940-9}
}


@misc{TomGruber.2009,
 author = {{Tom Gruber}},
 year = {2009},
 title = {Ontology},
 url = {https://tomgruber.org/writing/ontology-definition-2007.htm},
 urldate = {27.02.2020}
}


@misc{W3C.,
 author = {W3C},
 editor = {W3C},
 title = {Ontologies - W3C: Vocabularies},
 url = {https://www.w3.org/standards/semanticweb/ontology},
 urldate = {27.02.2020}
}


@misc{Wikipedia.31.10.201911:12,
 author = {Wikipedia},
 year = {31.10.2019, 11:12},
 title = {Ontologie (Informatik)},
 url = {https://de.wikipedia.org/wiki/Ontologie_(Informatik)},
 urldate = {27.02.2020}
}


@misc{WolfgangHesse.2005,
 author = {{Wolfgang Hesse}},
 editor = {{Springer-Verlag Berlin Heidelberg}},
 year = {2005},
 title = {Ontologie(n)},
 url = {https://gi.de/informatiklexikon/ontologien},
 urldate = {27.02.2020}
}


